<record><leader>00000cas a22000007a 4500</leader><controlfield tag="001">17475155</controlfield><controlfield tag="008">880215d18741875paudn ne      0    0eng d</controlfield><datafield ind1=" " ind2=" " tag="010"><subfield code="a">sn 88079107 </subfield></datafield><datafield ind1=" " ind2=" " tag="040"><subfield code="a">NPH</subfield><subfield code="b">eng</subfield><subfield code="c">NPH</subfield><subfield code="d">OCLCQ</subfield></datafield><datafield ind1=" " ind2=" " tag="042"><subfield code="a">msc</subfield></datafield><datafield ind1="0" ind2="0" tag="245"><subfield code="a">Easton morning dispatch.</subfield></datafield><datafield ind1="3" ind2="0" tag="246"><subfield code="a">Morning dispatch</subfield></datafield><datafield ind1=" " ind2=" " tag="260"><subfield code="a">Easton, Pa. :</subfield><subfield code="b">W. Gibson Field,</subfield><subfield code="c">1874-1875.</subfield></datafield><datafield ind1=" " ind2=" " tag="300"><subfield code="a">2 v. ;</subfield><subfield code="c">60 cm.</subfield></datafield><datafield ind1=" " ind2=" " tag="310"><subfield code="a">Daily (except Sun.)</subfield></datafield><datafield ind1="0" ind2=" " tag="362"><subfield code="a">Vol. 1, no. 1 (May 16, 1874)-v. 2, no. 75 (Feb. 13, 1875).</subfield></datafield><datafield ind1=" " ind2=" " tag="500"><subfield code="a">"Easton" appears above masthead logo.</subfield></datafield><datafield ind1=" " ind2=" " tag="515"><subfield code="a">Supplements accompany some issues.</subfield></datafield><datafield ind1=" " ind2=" " tag="752"><subfield code="a">United States</subfield><subfield code="b">Pennsylvania</subfield><subfield code="c">Northampton</subfield><subfield code="d">Easton.</subfield></datafield><datafield ind1="0" ind2="0" tag="785"><subfield code="t">Easton daily dispatch</subfield><subfield code="w">(DLC)sn 84045029</subfield></datafield></record>